@inproceedings{medina1992action,
  title={The action workflow approach to workflow management technology},
  author={Medina-Mora, Raul and Winograd, Terry and Flores, Rodrigo and Flores, Fernando},
  booktitle={Proceedings of the 1992 ACM conference on Computer-supported cooperative work},
  pages={281--288},
  year={1992},
  organization={ACM}
}

@article{hollingsworth1995workflow,
  title={The workflow reference model},
  author={Hollingsworth, David},
  year={1995}
}

@inproceedings{dewev1,
  title={Dewe: A Framework For Distributed Elastic Scientific Workflow Execution},
  author={Leslie, Luke M. and Sato, Chiaki and Lee, Young Choon and Jiang, Qingye and Zomaya, Albert Y.},
  booktitle={Proceedings of 13th Australasian Symposium on Parallel and Distributed Computing (AusPDC 2015)},
  year={2015},
  organization={Australia Computer Society}
}

@misc{web:dewe_v2,
title={{DEWE} v2},
howpublished={\url{https://github.com/qyjohn/DEWE.v2}},
year=2014
}

@inproceedings{bharathi2008characterization,
  title={Characterization of scientific workflows},
  author={Bharathi, Shishir and Chervenak, Ann and Deelman, Ewa and Mehta, Gaurang and Su, Mei-Hui and Vahi, Karan},
  booktitle={Workflows in Support of Large-Scale Science, 2008. WORKS 2008. Third Workshop on},
  pages={1--10},
  year={2008},
  organization={IEEE}
}

@article{montage,
 author = {Jacob, Joseph C. and Katz, Daniel S. et al.},
 title = {Montage: a Grid Portal and Software Toolkit for Science-Grade Astronomical Image Mosaicking},
 journal = {Int'l J. Computational Science and Engineering},
 volume = {4},
 number = {2},
 year = {2009},
 pages = {73--87},
} 

@misc{web:montage,
title={Montage: An Astronomical Image Mosaic Engine},
howpublished={\url{http://montage.ipac.caltech.edu/}},
year=2013
}

@Article{cybershake,
  title =	{CyberShake: A Physics-Based Seismic Hazard Model for {Southern California}},
  author =	{R. Graves and T. H. Jordan, et. al.},
  journal =	"Pure and Applied Geophysics",
  year = 	"2010",
  number =	"3-4",
  volume =	"168",
  pages =	"367--381"
}

@Article{ligo,
  title = "LIGO: The Laser Interferometer Gravitational-Wave Observatory",
  author = {A. Abramovici and W. E. Althouse, et. al.},
  journal = "Science",
  year = "1992",
  number = "5055",
  volume = "256",
  pages = "325--333"
}

@article{kwok1996dynamic,
  title={Dynamic critical-path scheduling: An effective technique for allocating task graphs to multiprocessors},
  author={Kwok, Yu-Kwong and Ahmad, Ishfaq},
  journal={Parallel and Distributed Systems, IEEE Transactions on},
  volume={7},
  number={5},
  pages={506--521},
  year={1996},
  publisher={IEEE}
}

@article{topcuoglu2002performance,
  title={Performance-effective and low-complexity task scheduling for heterogeneous computing},
  author={Topcuoglu, Haluk and Hariri, Salim and Wu, Min-you},
  journal={Parallel and Distributed Systems, IEEE Transactions on},
  volume={13},
  number={3},
  pages={260--274},
  year={2002},
  publisher={IEEE}
}

@article{abrishami2012cost,
  title={Cost-driven scheduling of grid workflows using partial critical paths},
  author={Abrishami, Saeid and Naghibzadeh, Mahmoud and Epema, Dick HJ},
  journal={Parallel and Distributed Systems, IEEE Transactions on},
  volume={23},
  number={8},
  pages={1400--1414},
  year={2012},
  publisher={IEEE}
}

@article{livny2008high,
  title={High-throughput, kingdom-wide prediction and annotation of bacterial non-coding RNAs},
  author={Livny, Jonathan and Teonadi, Hidayat and Livny, Miron and Waldor, Matthew K},
  journal={PloS one},
  volume={3},
  number={9},
  pages={e3197},
  year={2008},
  publisher={Public Library of Science}
}

@article{skrutskie2006two,
  title={The two micron all sky survey (2MASS)},
  author={Skrutskie, MF and Cutri, RM and Stiening, R and Weinberg, MD and Schneider, S and Carpenter, JM and Beichman, C and Capps, R and Chester, T and Elias, J and others},
  journal={The Astronomical Journal},
  volume={131},
  number={2},
  pages={1163},
  year={2006},
  publisher={IOP Publishing}
}

@article{york2000sloan,
  title={The sloan digital sky survey: Technical summary},
  author={York, Donald G and Adelman, J and Anderson Jr, John E and Anderson, Scott F and Annis, James and Bahcall, Neta A and Bakken, JA and Barkhouser, Robert and Bastian, Steven and Berman, Eileen and others},
  journal={The Astronomical Journal},
  volume={120},
  number={3},
  pages={1579},
  year={2000},
  publisher={IOP Publishing}
}

@article{deelman2013hosted,
  title={Hosted science: Managing computational workflows in the cloud},
  author={Deelman, Ewa and Juve, Gideon and Malawski, Maciej and Nabrzyski, Jarek},
  journal={Parallel Processing Letters},
  volume={23},
  number={02},
  year={2013},
  publisher={World Scientific}
}

@inproceedings{deelman2004pegasus,
  title={Pegasus: Mapping scientific workflows onto the grid},
  author={Deelman, Ewa and Blythe, James and Gil, Yolanda and Kesselman, Carl and Mehta, Gaurang and Patil, Sonal and Su, Mei-Hui and Vahi, Karan and Livny, Miron},
  booktitle={Grid Computing},
  pages={11--20},
  year={2004},
  organization={Springer}
}

@inproceedings{altintas2004kepler,
  title={Kepler: an extensible system for design and execution of scientific workflows},
  author={Altintas, Ilkay and Berkley, Chad and Jaeger, Efrat and Jones, Matthew and Ludascher, Bertram and Mock, Steve},
  booktitle={Scientific and Statistical Database Management, 2004. Proceedings. 16th International Conference on},
  pages={423--424},
  year={2004},
  organization={IEEE}
}


@inproceedings{deelman2008cost,
  title={The cost of doing science on the cloud: the montage example},
  author={Deelman, Ewa and Singh, Gurmeet and Livny, Miron and Berriman, Bruce and Good, John},
  booktitle={Proceedings of the 2008 ACM/IEEE conference on Supercomputing},
  pages={50},
  year={2008},
  organization={IEEE Press}
}

@inproceedings{juve2009scientific,
  title={Scientific workflow applications on Amazon EC2},
  author={Juve, Gideon and Deelman, Ewa and Vahi, Karan and Mehta, Gaurang and Berriman, Bruce and Berman, Benjamin P and Maechling, Phil},
  booktitle={E-Science Workshops, 2009 5th IEEE International Conference on},
  pages={59--66},
  year={2009},
  organization={IEEE}
}

@inproceedings{juve2010data,
  title={Data sharing options for scientific workflows on amazon ec2},
  author={Juve, Gideon and Deelman, Ewa and Vahi, Karan and Mehta, Gaurang and Berriman, Bruce and Berman, Benjamin P and Maechling, Phil},
  booktitle={Proceedings of the 2010 ACM/IEEE International Conference for High Performance Computing, Networking, Storage and Analysis},
  pages={1--9},
  year={2010},
  organization={IEEE Computer Society}
}

@article{juve2012evaluation,
  title={An evaluation of the cost and performance of scientific workflows on amazon ec2},
  author={Juve, Gideon and Deelman, Ewa and Berriman, G Bruce and Berman, Benjamin P and Maechling, Philip},
  journal={Journal of Grid Computing},
  volume={10},
  number={1},
  pages={5--21},
  year={2012},
  publisher={Springer}
}

@incollection{couvares2007workflow,
  title={Workflow management in condor},
  author={Couvares, Peter and Kosar, Tevfik and Roy, Alain and Weber, Jeff and Wenger, Kent},
  booktitle={Workflows for e-Science},
  pages={357--375},
  year={2007},
  publisher={Springer}
}

@inproceedings{litzkow1988condor,
  title={Condor-a hunter of idle workstations},
  author={Litzkow, Michael J and Livny, Miron and Mutka, Matt W},
  booktitle={Distributed Computing Systems, 1988., 8th International Conference on},
  pages={104--111},
  year={1988},
  organization={IEEE}
}

@article{oinn2004taverna,
  title={Taverna: a tool for the composition and enactment of bioinformatics workflows},
  author={Oinn, Tom and Addis, Matthew and Ferris, Justin and Marvin, Darren and Senger, Martin and Greenwood, Mark and Carver, Tim and Glover, Kevin and Pocock, Matthew R and Wipat, Anil and others},
  journal={Bioinformatics},
  volume={20},
  number={17},
  pages={3045--3054},
  year={2004},
  publisher={Oxford Univ Press}
}

@inproceedings{shams2010polyphony,
  title={Polyphony: A workflow orchestration framework for cloud computing},
  author={Shams, Khawaja S and Powell, Mark W and Crockett, Tom M and Norris, Jeffrey S and Rossi, Ryan and Soderstrom, Tom},
  booktitle={Cluster, Cloud and Grid Computing (CCGrid), 2010 10th IEEE/ACM International Conference on},
  pages={606--611},
  year={2010},
  organization={IEEE}
}

@inproceedings{marru2011apache,
  title={Apache airavata: a framework for distributed applications and computational workflows},
  author={Marru, Suresh and Gunathilake, Lahiru and Herath, Chathura and Tangchaisin, Patanachai and Pierce, Marlon and Mattmann, Chris and Singh, Raminder and Gunarathne, Thilina and Chinthaka, Eran and Gardler, Ross and others},
  booktitle={Proceedings of the 2011 ACM workshop on Gateway computing environments},
  pages={21--28},
  year={2011},
  organization={ACM}
}

@inproceedings{barga2008trident,
  title={The trident scientific workflow workbench},
  author={Barga, Roger and Jackson, Jared and Araujo, Nelson and Guo, Dean and Gautam, Nitin and Simmhan, Yogesh},
  booktitle={eScience, 2008. eScience'08. IEEE Fourth International Conference on},
  pages={317--318},
  year={2008},
  organization={IEEE}
}

@inproceedings{simmhan2009building,
  title={Building the trident scientific workflow workbench for data management in the cloud},
  author={Simmhan, Yogesh and Barga, Roger and van Ingen, Catharine and Lazowska, Ed and Szalay, Alex},
  booktitle={Advanced Engineering Computing and Applications in Sciences, 2009. ADVCOMP'09. Third International Conference on},
  pages={41--50},
  year={2009},
  organization={IEEE}
}

@book{moosefs,
  title={MooseFS 2.0 User's Manual},
  author={{MooseFS Core Technology Development and Support Team}},
  year={2014}
}

@inproceedings{ramakrishnan2009vgrads,
  title={VGrADS: enabling e-Science workflows on grids and clouds with fault tolerance},
  author={Ramakrishnan, Lavanya and Koelbel, Charles and Kee, Yang-Suk and Wolski, Richard and Nurmi, Daniel and Gannon, Dennis and Obertelli, Graziano and YarKhan, Asim and Mandal, Anirban and Huang, T Mark and others},
  booktitle={High Performance Computing Networking, Storage and Analysis, Proceedings of the Conference on},
  pages={1--12},
  year={2009},
  organization={IEEE}
}

@inproceedings{juhnke2009fault,
  title={Fault-tolerant BPEL workflow execution via cloud-aware recovery policies},
  author={Juhnke, Ernst and Dornemann, Tim and Freisleben, Bernd},
  booktitle={Software Engineering and Advanced Applications, 2009. SEAA'09. 35th Euromicro Conference on},
  pages={31--38},
  year={2009},
  organization={IEEE}
}

@inproceedings{dornemann2009demand,
  title={On-demand resource provisioning for BPEL workflows using Amazon's elastic compute cloud},
  author={Dornemann, Tim and Juhnke, Ernst and Freisleben, Bernd},
  booktitle={Cluster Computing and the Grid, 2009. CCGRID'09. 9th IEEE/ACM International Symposium on},
  pages={140--147},
  year={2009},
  organization={IEEE}
}

@inproceedings{ostermann2010dynamic,
  title={Dynamic cloud provisioning for scientific grid workflows},
  author={Ostermann, Simon and Prodan, Radu and Fahringer, Thomas},
  booktitle={Grid Computing (GRID), 2010 11th IEEE/ACM International Conference on},
  pages={97--104},
  year={2010},
  organization={IEEE}
}

@inproceedings{nagavaram2011cloud,
  title={A cloud-based dynamic workflow for mass spectrometry data analysis},
  author={Nagavaram, Ashish and Agrawal, Gagan and Freitas, Michael A and Telu, Kelly H and Mehta, Gaurang and Mayani, Rajiv G and Deelman, Ewa},
  booktitle={E-Science (e-Science), 2011 IEEE 7th International Conference on},
  pages={47--54},
  year={2011},
  organization={IEEE}
}

@inproceedings{jiang2012virtual,
  title={Virtual machine performance comparison of public IaaS providers in China},
  author={Jiang, Qingye},
  booktitle={Cloud Computing Congress (APCloudCC), 2012 IEEE Asia Pacific},
  pages={16--19},
  year={2012},
  organization={IEEE}
}

@manual{unixbench,
  title = {byte-unixbench},
  url = {http://code.google.com/p/byte-unixbench/},
}

@manual{mbw,
  title = {mbw manpage},
  url = {http://manpages.ubuntu.com/manpages/lucid/man1/mbw.1.html},
}

@manual{iozone,
  title = {{IOZone}},
  url = {http://www.iozone.org},
}

@inproceedings{marathe2013comparative,
  title={A comparative study of high-performance computing on the cloud},
  author={Marathe, Aniruddha and Harris, Rachel and Lowenthal, David K and de Supinski, Bronis R and Rountree, Barry and Schulz, Martin and Yuan, Xin},
  booktitle={Proceedings of the 22nd international symposium on High-performance parallel and distributed computing},
  pages={239--250},
  year={2013},
  organization={ACM}
}

@inproceedings{malawski2012cost,
  title={Cost-and deadline-constrained provisioning for scientific workflow ensembles in iaas clouds},
  author={Malawski, Maciej and Juve, Gideon and Deelman, Ewa and Nabrzyski, Jarek},
  booktitle={Proceedings of the International Conference on High Performance Computing, Networking, Storage and Analysis},
  pages={22},
  year={2012},
  organization={IEEE Computer Society Press}
}

@inproceedings{shan2008characterizing,
  title={Characterizing and predicting the I/O performance of HPC applications using a parameterized synthetic benchmark},
  author={Shan, Hongzhang and Antypas, Katie and Shalf, John},
  booktitle={Proceedings of the 2008 ACM/IEEE conference on Supercomputing},
  pages={42},
  year={2008},
  organization={IEEE Press}
}

@inproceedings{lofstead2010managing,
  title={Managing variability in the IO performance of petascale storage systems},
  author={Lofstead, Jay and Zheng, Fang and Liu, Qing and Klasky, Scott and Oldfield, Ron and Kordenbrock, Todd and Schwan, Karsten and Wolf, Matthew},
  booktitle={Proceedings of the 2010 ACM/IEEE International Conference for High Performance Computing, Networking, Storage and Analysis},
  pages={1--12},
  year={2010},
  organization={IEEE Computer Society}
}

@inproceedings{borrill2007investigation,
  title={Investigation of leading HPC I/O performance using a scientific-application derived benchmark},
  author={Borrill, Julian and Oliker, Leonid and Shalf, John and Shan, Hongzhang},
  booktitle={Supercomputing, 2007. SC'07. Proceedings of the 2007 ACM/IEEE Conference on},
  pages={1--12},
  year={2007},
  organization={IEEE}
}

@article{borrill2009hpc,
  title={HPC global file system performance analysis using a scientific-application derived benchmark},
  author={Borrill, Julian and Oliker, Leonid and Shalf, John and Shan, Hongzhang and Uselton, Andrew},
  journal={Parallel Computing},
  volume={35},
  number={6},
  pages={358--373},
  year={2009},
  publisher={Elsevier}
}

@article{calheiros2011cloudsim,
  title={CloudSim: a toolkit for modeling and simulation of cloud computing environments and evaluation of resource provisioning algorithms},
  author={Calheiros, Rodrigo N and Ranjan, Rajiv and Beloglazov, Anton and De Rose, C{\'e}sar AF and Buyya, Rajkumar},
  journal={Software: Practice and Experience},
  volume={41},
  number={1},
  pages={23--50},
  year={2011},
  publisher={Wiley Online Library}
}

@inproceedings{jiang2014cloudchallenge,
  title={Optimizing Scientific Workflows in the Cloud: A Montage Example},
  author={Jiang, Qingye and Lee, Young Choon and Arenaz, Manuel and Leslie, Luke M and Zomaya, Albert Y},
  booktitle={Utility and Cloud Computing, 2014. UCC 20014. Proceedings of the 7th IEEE/ACM International Conference on},
  year={2014},
  organization={IEEE/ACM}
}

@inproceedings{leslie2015dewe,
  title={DEWE: A Framework for Distributed Elastic Scientific Workflow Execution},
  author={Leslie, Luke M and Sato, Chiaki and Lee, Young Choon and Jiang, Qingye and Zomaya, Albert Y},
  booktitle={13th Australasian Symposium on Parallel and Distributed 
Computing (AusPDC 2015)},
  year={2015},
  organization={ Computing Research and Education (CORE) Association of Australasia}
}

@inproceedings{lee2013stretch,
  title={Stretch Out and Compact: Workflow Scheduling with Resource Abundance},
  author={Lee, Young Choon and Zomaya, Albert Y},
  booktitle={Cluster, Cloud and Grid Computing (CCGrid), 2013 13th IEEE/ACM International Symposium on},
  pages={219--226},
  year={2013},
  organization={IEEE}
}

@article{abrishami2013deadline,
  title={Deadline-constrained workflow scheduling algorithms for Infrastructure as a Service Clouds},
  author={Abrishami, Saeid and Naghibzadeh, Mahmoud and Epema, Dick HJ},
  journal={Future Generation Computer Systems},
  volume={29},
  number={1},
  pages={158--169},
  year={2013},
  publisher={Elsevier}
}

@inproceedings{blythe2005task,
  title={Task scheduling strategies for workflow-based applications in grids},
  author={Blythe, James and Jain, Sonal and Deelman, Ewa and Gil, Yolanda and Vahi, Karan and Mandal, Anirban and Kennedy, Ken},
  booktitle={Cluster Computing and the Grid, 2005. CCGrid 2005. IEEE International Symposium on},
  volume={2},
  pages={759--767},
  year={2005},
  organization={IEEE}
}

@incollection{yu2008workflow,
  title={Workflow scheduling algorithms for grid computing},
  author={Yu, Jia and Buyya, Rajkumar and Ramamohanarao, Kotagiri},
  booktitle={Metaheuristics for scheduling in distributed computing environments},
  pages={173--214},
  year={2008},
  publisher={Springer}
}


@inproceedings{deelman2006managing,
  title={Managing large-scale workflow execution from resource provisioning to provenance tracking: The cybershake example},
  author={Deelman, Ewa and Callaghan, Scott and Field, Edward and Francoeur, Hunter and Graves, Robert and Gupta, Nitin and Gupta, Vipin and Jordan, Thomas H and Kesselman, Carl and Maechling, Philip and others},
  booktitle={e-Science and Grid Computing, 2006. e-Science'06. Second IEEE International Conference on},
  pages={14--14},
  year={2006},
  organization={IEEE}
}

@inproceedings{duan2007performance,
  title={Performance and cost optimization for multiple large-scale grid workflow applications},
  author={Duan, Rubing and Prodan, Radu and Fahringer, Thomas},
  booktitle={Supercomputing, 2007. SC'07. Proceedings of the 2007 ACM/IEEE Conference on},
  pages={1--12},
  year={2007},
  organization={IEEE}
}

@inproceedings{juve2008resource,
  title={Resource provisioning options for large-scale scientific workflows},
  author={Juve, Gideon and Deelman, Ewa},
  booktitle={eScience, 2008. eScience'08. IEEE Fourth International Conference on},
  pages={608--613},
  year={2008},
  organization={IEEE}
}

@inproceedings{juve2009scientific,
  title={Scientific workflow applications on Amazon EC2},
  author={Juve, Gideon and Deelman, Ewa and Vahi, Karan and Mehta, Gaurang and Berriman, Bruce and Berman, Benjamin P and Maechling, Phil},
  booktitle={E-Science Workshops, 2009 5th IEEE International Conference on},
  pages={59--66},
  year={2009},
  organization={IEEE}
}

@inproceedings{juve2010data,
  title={Data sharing options for scientific workflows on amazon ec2},
  author={Juve, Gideon and Deelman, Ewa and Vahi, Karan and Mehta, Gaurang and Berriman, Bruce and Berman, Benjamin P and Maechling, Phil},
  booktitle={Proceedings of the 2010 ACM/IEEE International Conference for High Performance Computing, Networking, Storage and Analysis},
  pages={1--9},
  year={2010},
  organization={IEEE Computer Society}
}

@article{juve2012evaluation,
  title={An evaluation of the cost and performance of scientific workflows on amazon ec2},
  author={Juve, Gideon and Deelman, Ewa and Berriman, G Bruce and Berman, Benjamin P and Maechling, Philip},
  journal={Journal of Grid Computing},
  volume={10},
  number={1},
  pages={5--21},
  year={2012},
  publisher={Springer}
}

@inproceedings{deelman2008cost,
  title={The cost of doing science on the cloud: the montage example},
  author={Deelman, Ewa and Singh, Gurmeet and Livny, Miron and Berriman, Bruce and Good, John},
  booktitle={Proceedings of the 2008 ACM/IEEE conference on Supercomputing},
  pages={50},
  year={2008},
  organization={IEEE Press}
}

@inproceedings{ramakrishnan2009vgrads,
  title={VGrADS: enabling e-Science workflows on grids and clouds with fault tolerance},
  author={Ramakrishnan, Lavanya and Koelbel, Charles and Kee, Yang-Suk and Wolski, Richard and Nurmi, Daniel and Gannon, Dennis and Obertelli, Graziano and YarKhan, Asim and Mandal, Anirban and Huang, T Mark and others},
  booktitle={High Performance Computing Networking, Storage and Analysis, Proceedings of the Conference on},
  pages={1--12},
  year={2009},
  organization={IEEE}
}

@inproceedings{juhnke2009fault,
  title={Fault-tolerant BPEL workflow execution via cloud-aware recovery policies},
  author={Juhnke, Ernst and Dornemann, Tim and Freisleben, Bernd},
  booktitle={Software Engineering and Advanced Applications, 2009. SEAA'09. 35th Euromicro Conference on},
  pages={31--38},
  year={2009},
  organization={IEEE}
}


@inproceedings{dornemann2009demand,
  title={On-demand resource provisioning for BPEL workflows using Amazon's elastic compute cloud},
  author={Dornemann, Tim and Juhnke, Ernst and Freisleben, Bernd},
  booktitle={Cluster Computing and the Grid, 2009. CCGRID'09. 9th IEEE/ACM International Symposium on},
  pages={140--147},
  year={2009},
  organization={IEEE}
}

@inproceedings{ostermann2010dynamic,
  title={Dynamic cloud provisioning for scientific grid workflows},
  author={Ostermann, Simon and Prodan, Radu and Fahringer, Thomas},
  booktitle={Grid Computing (GRID), 2010 11th IEEE/ACM International Conference on},
  pages={97--104},
  year={2010},
  organization={IEEE}
}


@inproceedings{nagavaram2011cloud,
  title={A cloud-based dynamic workflow for mass spectrometry data analysis},
  author={Nagavaram, Ashish and Agrawal, Gagan and Freitas, Michael A and Telu, Kelly H and Mehta, Gaurang and Mayani, Rajiv G and Deelman, Ewa},
  booktitle={E-Science (e-Science), 2011 IEEE 7th International Conference on},
  pages={47--54},
  year={2011},
  organization={IEEE}
}